@book {aoeu,
	author={Helge von Koch},
	title={Sur une courbe continue sans tangente, ebtenue par une construction
		géométrique élémentarie.},
	year={1904},
	pages={681-702},
	address={Kungliga Vetenskapsakademien. 1},
	publisher={Arkiv för matematik, astronomi och fysik}
}
