
@TechReport{act2004,
  author = 	 {W. Habley and R. McClanahan},
  title = 	 {What Works in Student Retention: Four Year Public Institutions},
  institution =  {ACT, Inc},
  year = 	 {2004},
pages = "1 -- 26",
  OPTkey = 	 {},
  OPTtype = 	 {},
  OPTnumber = 	 {},
  OPTaddress = 	 {},
  OPTmonth = 	 {},
  OPTnote = 	 {},
  OPTannote = 	 {}
}

@ARTICLE{5872032, 
author={Davis, C.E. and Yeary, M.B. and Sluss, J.J.}, 
journal={IEEE Transactions on Education}, 
title={Reversing the Trend of Engineering Enrollment Declines With Innovative Outreach, Recruiting, and Retention Programs}, 
year={2012}, 
volume={55}, 
number={2}, 
pages={157-163}, 
keywords={computer science education;electrical engineering education;innovation management;recruitment;OU-ECE faculty;School of Electrical and Computer Engineering;U.S;University of Oklahoma;engineering enrollment;engineering students;innovative outreach programs;recruiting programs;retention programs;Computer bugs;Educational institutions;Electrical engineering;Engineering profession;Organizations;Robots;Electrical and computer engineering (ECE);engineering;enrollment;outreach;recruiting;retention}, 
doi={10.1109/TE.2011.2157921}, 
ISSN={0018-9359},}


@book{brookshear2011computer,
  title={Computer Science: An Overview},
  author={Brookshear, J.G. and Smith, D.T. and Brylow, D.},
  isbn={9780132569033},
  lccn={2010049479},
  url={http://books.google.se/books?id=LbtoewAACAAJ},
  year={2011},
  publisher={Addison Wesley, Inc}
}


@incollection{hk-atsfyshe-12, 
year={2012},
isbn={978-94-007-2311-5},
booktitle={Transitions and Transformations in Learning and Education},
editor={Tynjälä, Päivi and Stenström, Marja-Leena and Saarnivaara, Marjatta},
doi={10.1007/978-94-007-2312-2_15},
title={Approaches to Transition Support for First Year Students in Higher Education},
url={http://dx.doi.org/10.1007/978-94-007-2312-2_15},
publisher={Springer Netherlands},
author={Honkimäki, Sanna and Kálmán, Orsolya},
pages={247-270},
language={English}
}


@book{siever2009linux,
  title={Linux in a Nutshell},
  author={Siever, E. and Figgins, S. and Love, R. and Robbins, A.},
  note={ISBN 9781449379209},
  year={2009},
  publisher={O'Reilly Media}
}


@Article{b-wdypwbe-rrdd-2010,
  author = 	 {Frank Stefan Becker},
  title = 	 {Why don't young people want to become 
engineers? {R}ational reasons for disappointing decisions},
  journal = 	 {European J. of Engineering. Education.},
  year = 	 {2010},
  OPTkey = 	 {},
  volume = 	 {35},
  number = 	 {4},
  pages = 	 {349--366},
  month = 	 {August},
  OPTnote = 	 {},
  OPTannote = 	 {}
}

@InCollection{wf-ddsse-2006,
  author = 	 {Georg Winckler and Martin Fieder},
  editor = 	 {Luc E. Weber and James J. Duderstadt},
  title = 	  {Declining demand among students for science and engineering?},
  chapter = 	 {20},
  publisher = 	 {Economica Ltd},
  year = 	 {2006},
  OPTkey = 	 {},
  OPTvolume = 	 {},
  OPTnumber = 	 {},
  booktitle = 	 {Universities and Business: Partnering for the Knowledge Society},
  OPTtype = 	 {},
  OPTaddress = 	 {},
  OPTedition = 	 {},
  OPTmonth = 	 {},
  pages = 	 {233--241},
  note = 	 {ISBM 2-7178-5190-9},
}


@InCollection{jj-diestibn-2006,
  author = 	 {Wayne C. Johnson and Russel C. Jones},
  editor = 	 {Luc E. Weber and James J. Duderstadt},
  title = 	  {Declining interest in engineering studies at time of increased business need},
  chapter = 	 {21},
  publisher = 	 {Economica Ltd},
  year = 	 {2006},
  OPTkey = 	 {},
  OPTvolume = 	 {},
  OPTnumber = 	 {},
  booktitle = 	 {Universities and Business: Partnering for the Knowledge Society},
  OPTtype = 	 {},
  OPTaddress = 	 {},
  OPTedition = 	 {},
  OPTmonth = 	 {},
  pages = 	 {243–-252},
  note = 	 {ISBM 2-7178-5190-9},
}

@TechReport{h-nt-2012,
  author = 	 {Jesper Haglund},
  title = 	 {NORDTEK:s Teknikdelegation},
  institution =  {Department of Social and Welfare Studies, Learning, Aesthetics, and Natural Science at Link{\"o}ping University, Sweden},
  year = 	 2012,
  note = 	 {URI http://urn.kb.se/resolve?urn=urn:nbn:se:liu:diva-80090. Retrieved 2013-01-24. In Swedish with a short summary in English},
}


@InProceedings{dkh-asees-sp-2011,
  author = 	 {Christos Dimopoulos and Konstantinos Katzis and Kamel Hawwash},
  title = 	 {Attracting Students to Engineering Education Studies: {A} Survey of Practices},
  OPTcrossref =  {},
  OPTkey = 	 {},
  booktitle = {SEFI 39th Annual conference - Global Engineering Recognition, Sustainability and Mobility - 1st World EE Flash Week},
  pages = 	 {452--456},
  year = 	 {2011},
  OPTeditor = 	 {},
  OPTvolume = 	 {},
  OPTnumber = 	 {},
  OPTseries = 	 {},
  OPTaddress = 	 {},
  month = 	 {September 26-28,},
  organization = {European Society for Engineering Education},
  OPTpublisher = {},
  OPTnote = 	 {Lisbon, Portugal},
}



@InProceedings{rh-tcet-2012,
  author = 	 {M. Rabl and G. Hillmer},
  title = 	 {The Cultivation of Engineering Talent},
  OPTcrossref =  {},
  OPTkey = 	 {},
  booktitle = {SEFI 40th Annual conference - Engineering Education 2020: Meet the Future},
  OPTpages = 	 {452--456},
  year = 	 {2012},
  OPTeditor = 	 {},
  OPTvolume = 	 {},
  OPTnumber = 	 {},
  OPTseries = 	 {},
  OPTaddress = 	 {},
  month = 	 {September 23-26,},
  organization = {European Society for Engineering Education},
  OPTpublisher = {},
  OPTnote = 	 {Thessaloniki, Greece},
}

@Misc{ects,
  key = 	 {ECTS},
  OPTauthor = 	 {},
  title = 	 {European {C}redit {T}ransfer and {A}ccumulation {S}ystem},
  OPThowpublished = {},
  OPTmonth = 	 {},
  OPTyear = 	 {},
 note = 	 {Retrieved 2013-03-25. \protect\verb|http://ec.europa.eu/education|},
  OPTannote = 	 {}
}


@Misc{ert,
  key = 	 {ERT},
  OPTauthor = 	 {},
  title = 	 {{ERT} {M}athematics, Science \& Technology Education Report - The Case for a {E}uropean Coordinating Body},
  howpublished = {European Round Table of Industrialists, Place des Carabiniers 18a, B-1030 Brussels},
  OPTmonth = 	 {},
  OPTyear = 	 {},
 note = 	 {Retrieved 2013-03-25. \verb|http://www.ert.eu/|},
  OPTannote = 	 {}
}



@Misc{acm,
  key = 	 {ACM},
  OPTauthor = 	 {},
  title = 	 {{ACM/IEEE} {C}urricula {R}ecommendations},
  howpublished = {Association for Computing Machinery, 2 Penn Plaza, Suite 701
New York, NY 10121-0701},
  OPTmonth = 	 {},
  OPTyear = 	 {},
  note = 	 {Retrieved 2013-03-25. \verb|http://www.acm.org/education|},
  OPTannote = 	 {}
}

@Misc{hogskole,
  key = 	 {Swed},
  OPTauthor = 	 {},
  title = 	 {Swedish {H}igher {E}ducation {A}ct},
  OPThowpublished = {},
  OPTmonth = 	 {},
  OPTyear = 	 {},
 note = 	 {\emph{H{\"o}gskolef{\"o}rordning} (1993:100)},
  OPTannote = 	 {}
}


@Misc{d0015e,
  key = 	 {D0015E},
  OPTauthor = 	 {},
  title = 	 {D0015{E} {C}omputer {S}cience and {E}ngineering},
  howpublished = {Luleå University of Technology, Sweden},
  OPTmonth = 	 {},
  OPTyear = 	 {},
  note = 	 {Search for the course D0015E at \verb|http://www.ltu.se/edu/course?l=en|},
  OPTannote = 	 {}
}
@Misc{fronter,
  key = 	 {Fronter},
  OPTauthor = 	 {},
  title = 	 {The {F}ronter {P}latform},
  howpublished = {Pearson Fronter, 80 Strand,
London,
WC2R 0RL, United Kingdom},
  OPTmonth = 	 {},
  OPTyear = 	 {},
  note = 	 {\verb|http://ie.fronter.info/|},
  OPTannote = 	 {}
}

@article{Ritchie78,
   author = {D. M. Ritchie and K. Thompson},
   title = {The {\sc unix} Time-Sharing System},
   journal = {Bell Sys. Tech. J.},
   volume = {57},
   number = {6},
   pages = {1905--1929},
   year = {1978},
   keywords = {unix bstj},
   note = {Also in {\it Comm. ACM}, {\bf 17}, pp. 365-375 (1974).}
}

@book{DBLP:books/aw/Lamport86,
  author    = {Leslie Lamport},
  title     = {LaTeX: User's Guide {\&} Reference Manual},
  publisher = {Addison-Wesley},
  year      = {1986},
  isbn      = {0-201-15790-X},
  bibsource = {DBLP, http://dblp.uni-trier.de}
}

@Misc{html,
  key = 	 {HTML},
  OPTauthor = 	 {},
  title = 	 {{HTML - Hyper-Text Markup Language}},
  howpublished = {{The World Wide Web Consortium}},
  OPTmonth = 	 {},
  OPTyear = 	 {},
 note = 	 {Retrieved 2013-04-07. \protect\verb|http://www.w3.org/|},
  OPTannote = 	 {}
}

@inproceedings{DBLP:conf/chi/ConwayABCC00,
  author    = {Matthew Conway and Steve Audia and Tommy Burnette and Dennis Cosgrove and Kevin Christiansen and Rob Deline and Jim Durbin and Rich Gossweiler and Shuichi Koga and Chris Long and Beth Mallory and Steve Miale and Kristen Monkaitis and James Patten and Jeff Pierce and Joe Shochet and David Staack and Brian Stearns and Richard Stoakley and Chris Sturgill and John Viega and Jeff White and George Williams and Randy Pausch},
  title     = {{Alice: Lessons Learned from Building a 3D System for Novices}},
  booktitle = {Proceedings of the {CHI} 2000 {C}onference on Human factors
               in computing systems},
  editor    = {Thea Turner and
               Gerd Szwillus},
  year      = {2000},
  pages     = {486-493},
note = 	 {See also \verb|http://www.alice.org|. The Hague, The Netherlands, April
               1-6, 2000},
  publisher = {ACM},
  ee        = {http://doi.acm.org/10.1145/332040.332481},
  isbn      = {1-58113-216-6},
}

@book{Kernighan:1978:CPL:7519,
 author = {Kernighan, B. W. and Ritchie, D. M.},
 title = {The C programming language},
 year = {1978},
 isbn = {0-13-110163-3},
 publisher = {Prentice-Hall, Inc.},
 address = {Upper Saddle River, NJ, USA},
} 



@Misc{arduino,
  key = 	 {Arduino},
  OPTauthor = 	 {},
  title = 	 {{Arduino, Home page}},
  OPThowpublished = {{The World Wide Web Consortium}},
  OPTmonth = 	 {},
  OPTyear = 	 {},
 note = 	 {Retrieved 2013-04-07. \protect\verb|http://arduino.cc|},
  OPTannote = 	 {}
}



@misc{linux,
   author = "LINUX",
   title = "Linux --- {W}ikipedia{,} The Free Encyclopedia",
   year = "2013",
   note = "Retrieved 2013-04-07. \verb|https://en.wikipedia.org/wiki/Linux|"
 }

@book{hattie2009visible,
author = {Hattie, J.},
date-added = {2012-05-13 20:58:39 -0400},
date-modified = {2012-05-13 20:58:39 -0400},
publisher = {Taylor \& Francis},
title = {Visible learning: A synthesis of over 800 meta-analyses relating to achievement},
year = {2009}
}

@misc{web-d0015e,
   key = "D0015EWEB",
   title = "{D0015E, Course web page}",
   year = 2012,
   note = "In Swedish. Retrieved 2013-04-07. \newline\verb|https://sites.google.com/site/d0015eh12/|"
 }

@book{Sundin06,
   author = {Sundin, Bo},
   institution = {Umeå University, Historical Studies},
   publisher = {Carlsson bokförlag, Stockholm},
   title = {Den kupade handen : M{\"a}nniskan och tekniken. Andra ut{\"o}kade upplagan.},
   year = {2006}
}

@misc{programrad,
   key = "EDU",
   title = "{Educational board, Department of Computer Science, Electrical and Space Engineering, Luleå University of Technology, Sweden. Protocols on the MSc program in Computer Science and Engineering}",
   year = 2012,
   note = "In Swedish. Retrieved 2013-04-07. \verb|http://www.ltu.se/org/srt/| \verb|2.39491/Datateknik-1.91896?l=en|"
 }


@InProceedings{gcj-riecr-11,
  author = 	 {Priya T. Goeser and 
 Cameron W. Coates and Wayne M. Johnson},
  title = 	 {The Role of an Introduction to Engineering Course on 
Retention},
  OPTcrossref =  {},
  OPTkey = 	 {},
  booktitle = {ASEE Southeast Section Conference},
  OPTpages = 	 {},
  year = 	 {2011},
  editor = 	 {Barbara Bernal},
  OPTvolume = 	 {},
  OPTnumber = 	 {},
  OPTseries = 	 {},
  OPTaddress = 	 {},
  month = 	 {April 10-12},
  OPTorganization = {},
  OPTpublisher = {},
  note = 	 {Charleston, South Carolina},
  OPTannote = 	 {}
}


@InProceedings{tnmgk-ifecir-08,
author = {Jale Tezcan and John Nicklow and James Mathias and Lalit Gupta and Rhonda Kowalchuk},
title = {{An innovative freshmen engineering course to improve retention}},
  OPTcrossref =  {},
  OPTkey = 	 {},
  booktitle = {120th American Society for Engineering Education Annual Conference},
  OPTpages = 	 {},
year = {2008},
  OPTeditor = 	 {},
  OPTvolume = 	 {},
  OPTnumber = 	 {},
  OPTseries = 	 {},
  OPTaddress = 	 {},
  month = 	 {June 22-25},
  OPTorganization = {},
  OPTpublisher = {},
  note = 	 {Pittsburg, PA},
  OPTannote = 	 {}
}

@INPROCEEDINGS{4760346, 
author={Grasso, D. and Helble, J.J.}, 
booktitle={Meeting the Growing Demand for Engineers and Their Educators 2010-2020 International Summit, 2007 IEEE}, title={Holistic Engineering and Educational Reform}, 
year={2007}, 
volume={50 Papers}, 
pages={1-16}, 
keywords={educational courses;educational institutions;engineering education;societies;broader preprofessional preparation;curricula model design;departmental structure;educational curriculum reform;first year course;holistic engineering education;integrated organization;interdisciplinary engineering students;societal framework inspiring students;undergraduate experience;unified senior design course;Availability;Data engineering;Educational institutions;Educational programs;Engineering profession;Environmental economics;Mathematics;Power engineering and energy;Power generation economics;Production}, 
doi={10.1109/MGDETE.2007.4760346},}

@article{10.1109/FIE.2012.6462284,
author = {James Collofello and Amy Hall},
title = {Work in progress: A holistic approach to ReEngineering the freshmen engineering course},
journal ={2012 Frontiers in Education Conference Proceedings},
volume = {0},
issn = {0190-5848},
year = {2012},
pages = {1-6},
doi = {http://doi.ieeecomputersociety.org/10.1109/FIE.2012.6462284},
publisher = {IEEE Computer Society},
address = {Los Alamitos, CA, USA},
}


@TechReport{BonwellE91,
  author = 	 "Charles C. Bonwell and James A. Eison",
  title = 	 "{Active Learning}: Creating excitement in the classroom",
  institution =  "The George Washington University School of Education \& Human Development",
  year = 	 1991,
  type = 	 "ASHE ERIC Higher Education Report",
  number = 	 1,
  address = 	 "Washington, D.C., USA",
}

@article{biggs-96,
year={1996},
issn={0018-1560},
journal={Higher Education},
volume={32},
number={3},
doi={10.1007/BF00138871},
title={Enhancing teaching through constructive alignment},
url={http://dx.doi.org/10.1007/BF00138871},
publisher={Kluwer Academic Publishers},
author={Biggs, John},
pages={347-364},
language={English}
}


@article {Prince06inductiveteaching,
author = {Prince, Michael J. and Felder, Richard M.},
title = {Inductive Teaching and Learning Methods: Definitions, Comparisons, and Research Bases},
journal = {Journal of Engineering Education},
volume = {95},
number = {2},
publisher = {Blackwell Publishing Ltd},
issn = {2168-9830},
url = {http://dx.doi.org/10.1002/j.2168-9830.2006.tb00884.x},
doi = {10.1002/j.2168-9830.2006.tb00884.x},
pages = {123--138},
keywords = {inductive, teaching, learning},
year = {2006},
}



